@article{DBLP:journals/cacm/MannaW71,
  author    = {Zohar Manna and Richard J. Waldinger},
  title     = {Toward Automatic Program Synthesis},
  journal   = {Commun. {ACM}},
  volume    = {14},
  number    = {3},
  pages     = {151--165},
  year      = {1971},
  doi       = {10.1145/362566.362568},
  timestamp = {Tue, 06 Nov 2018 12:51:39 +0100},
  biburl    = {https://dblp.org/rec/bib/journals/cacm/MannaW71},
  bibsource = {dblp computer science bibliography, https://dblp.org}
}

@article{DBLP:journals/jacm/Summers77,
  author    = {Phillip D. Summers},
  title     = {A Methodology for {LISP} Program Construction from Examples},
  journal   = {J. {ACM}},
  volume    = {24},
  number    = {1},
  pages     = {161--175},
  year      = {1977},
  doi       = {10.1145/321992.322002},
  timestamp = {Tue, 06 Nov 2018 12:51:44 +0100},
  biburl    = {https://dblp.org/rec/bib/journals/jacm/Summers77},
  bibsource = {dblp computer science bibliography, https://dblp.org}
}

@article{DBLP:journals/toplas/MannaW80,
  author    = {Zohar Manna and
               Richard J. Waldinger},
  title     = {A Deductive Approach to Program Synthesis},
  journal   = {{ACM} Trans. Program. Lang. Syst.},
  volume    = {2},
  number    = {1},
  pages     = {90--121},
  year      = {1980},
  doi       = {10.1145/357084.357090},
  timestamp = {Wed, 14 Nov 2018 10:30:39 +0100},
  biburl    = {https://dblp.org/rec/bib/journals/toplas/MannaW80},
  bibsource = {dblp computer science bibliography, https://dblp.org}
}

@article{DBLP:journals/pvldb/LiCM15,
  author    = {Hao Li and
               Chee{-}Yong Chan and
               David Maier},
  title     = {Query From Examples: An Iterative, Data-Driven Approach to Query Construction},
  journal   = {{PVLDB}},
  volume    = {8},
  number    = {13},
  pages     = {2158--2169},
  year      = {2015},
  url       = {http://www.vldb.org/pvldb/vol8/p2158-li.pdf},
  doi       = {10.14778/2831360.2831369},
  timestamp = {Thu, 16 Aug 2018 11:33:42 +0200},
  biburl    = {https://dblp.org/rec/bib/journals/pvldb/LiCM15},
  bibsource = {dblp computer science bibliography, https://dblp.org}
}

@article{David2017,
  doi = {10.1098/rsta.2015.0403},
  year = {2017},
  month = sep,
  publisher = {The Royal Society},
  volume = {375},
  number = {2104},
  pages = {20150403},
  author = {Cristina David and Daniel Kroening},
  title = {Program synthesis: challenges and opportunities},
  journal = {Philosophical Transactions of the Royal Society A: Mathematical,  Physical and Engineering Sciences}
}

@article{PSnow,
  author    = {Sumit Gulwani and
               Oleksandr Polozov and
               Rishabh Singh},
  title     = {Program Synthesis},
  journal   = {Foundations and Trends in Programming Languages},
  volume    = {4},
  number    = {1-2},
  pages     = {1--119},
  year      = {2017},
  doi       = {10.1561/2500000010},
  timestamp = {Wed, 14 Nov 2018 10:17:24 +0100},
  biburl    = {https://dblp.org/rec/bib/journals/ftpl/GulwaniPS17},
  bibsource = {dblp computer science bibliography, https://dblp.org}
}

@article{DBLP:journals/pacmpl/Yaghmazadeh0DD17,
  author    = {Navid Yaghmazadeh and
               Yuepeng Wang and
               Isil Dillig and
               Thomas Dillig},
  title     = {SQLizer: query synthesis from natural language},
  journal   = {{PACMPL}},
  volume    = {1},
  number    = {{OOPSLA}},
  pages     = {63:1--63:26},
  year      = {2017},
  doi       = {10.1145/3133887},
  timestamp = {Tue, 06 Nov 2018 12:51:05 +0100},
  biburl    = {https://dblp.org/rec/bib/journals/pacmpl/Yaghmazadeh0DD17},
  bibsource = {dblp computer science bibliography, https://dblp.org}
}

@article{DBLP:journals/cacm/AlurSFS18,
  author    = {Rajeev Alur and
               Rishabh Singh and
               Dana Fisman and
               Armando Solar{-}Lezama},
  title     = {Search-based program synthesis},
  journal   = {Commun. {ACM}},
  volume    = {61},
  number    = {12},
  pages     = {84--93},
  year      = {2018},
  doi       = {10.1145/3208071},
  timestamp = {Wed, 25 Sep 2019 17:48:14 +0200},
  biburl    = {https://dblp.org/rec/bib/journals/cacm/AlurSFS18},
  bibsource = {dblp computer science bibliography, https://dblp.org}
}

@article{DBLP:journals/pacmpl/ShiSL19,
  author    = {Kensen Shi and
               Jacob Steinhardt and
               Percy Liang},
  title     = {FrAngel: component-based synthesis with control structures},
  journal   = {{PACMPL}},
  volume    = {3},
  number    = {{POPL}},
  pages     = {73:1--73:29},
  year      = {2019},
  doi       = {10.1145/3290386},
  timestamp = {Fri, 10 May 2019 11:01:57 +0200},
  biburl    = {https://dblp.org/rec/bib/journals/pacmpl/ShiSL19},
  bibsource = {dblp computer science bibliography, https://dblp.org}
}

@article{trinity19,
  author    = {Ruben Martins and
               Jia Chen and
               Yanju Chen and
               Yu Feng and
               Isil Dillig},
  title     = {Trinity: An Extensible Synthesis Framework for Data Science},
  journal   = {{PVLDB}},
  volume    = {12},
  number    = {12},
  pages     = {1914--1917},
  year      = {2019},
  url       = {http://www.vldb.org/pvldb/vol12/p1914-martins.pdf},
  doi       = {10.14778/3352063.3352098},
  timestamp = {Mon, 04 Nov 2019 15:39:16 +0100},
  biburl    = {https://dblp.org/rec/bib/journals/pvldb/MartinsCCFD19},
  bibsource = {dblp computer science bibliography, https://dblp.org}
}

@article{DBLP:journals/corr/abs-19,
  author    = {Julie L. Newcomb and
               Rastislav Bod{\'{\i}}k},
  title     = {Using human-in-the-loop synthesis to author functional reactive programs},
  journal   = {CoRR},
  volume    = {abs/1909.11206},
  year      = {2019},
  url       = {http://arxiv.org/abs/1909.11206},
  archivePrefix = {arXiv},
  eprint    = {1909.11206},
  timestamp = {Fri, 27 Sep 2019 13:04:21 +0200},
  biburl    = {https://dblp.org/rec/bib/journals/corr/abs-1909-11206},
  bibsource = {dblp computer science bibliography, https://dblp.org}
}

@inproceedings{DBLP:conf/ijcai/WaldingerL69,
  author    = {Richard J. Waldinger and
               Richard C. T. Lee},
  title     = {{PROW:} {A} Step Toward Automatic Program Writing},
  booktitle = {{IJCAI}},
  pages     = {241--252},
  publisher = {William Kaufmann},
  year      = {1969}
}

@inproceedings{DBLP:conf/ijcai/Green69,
  author    = {C. Cordell Green},
  title     = {Application of Theorem Proving to Problem Solving},
  booktitle = {{IJCAI}},
  pages     = {219--240},
  publisher = {William Kaufmann},
  year      = {1969}
}


@inproceedings{DBLP:conf/stoc/Cook71,
  author    = {Stephen A. Cook},
  title     = {The Complexity of Theorem-Proving Procedures},
  booktitle = {{STOC}},
  pages     = {151--158},
  publisher = {{ACM}},
  year      = {1971}
}

@inproceedings{DBLP:conf/ijcai/ShawWG75,
  author    = {David E. Shaw and
               William R. Swartout and
               C. Cordell Green},
  title     = {Inferring {LISP} Programs From Examples},
  booktitle = {{IJCAI}},
  pages     = {260--267},
  year      = {1975}
}

@inproceedings{z3,
  author    = {Leonardo Mendon{\c{c}}a de Moura and
               Nikolaj Bj{\o}rner},
  title     = {{Z3:} An Efficient {SMT} Solver},
  booktitle = {{TACAS}},
  series    = {Lecture Notes in Computer Science},
  volume    = {4963},
  pages     = {337--340},
  publisher = {Springer},
  year      = {2008}
}

@inproceedings{DBLP:conf/popl/SrivastavaGF10,
  author    = {Saurabh Srivastava and
               Sumit Gulwani and
               Jeffrey S. Foster},
  title     = {From program verification to program synthesis},
  booktitle = {{POPL}},
  pages     = {313--326},
  publisher = {{ACM}},
  year      = {2010}
}

@inproceedings{DBLP:conf/emnlp/ZhongGYPXLLZ18,
  author    = {Zexuan Zhong and
               Jiaqi Guo and
               Wei Yang and
               Jian Peng and
               Tao Xie and
               Jian{-}Guang Lou and
               Ting Liu and
               Dongmei Zhang},
  title     = {SemRegex: {A} Semantics-Based Approach for Generating Regular Expressions
               from Natural Language Specifications},
  booktitle = {{EMNLP}},
  pages     = {1608--1618},
  publisher = {Association for Computational Linguistics},
  year      = {2018}
}

@inproceedings{DBLP:conf/icse/JhaGST10,
  author    = {Susmit Jha and
               Sumit Gulwani and
               Sanjit A. Seshia and
               Ashish Tiwari},
  title     = {Oracle-guided component-based program synthesis},
  booktitle = {{ICSE} {(1)}},
  pages     = {215--224},
  publisher = {{ACM}},
  year      = {2010}
}

@inproceedings{DBLP:conf/ppdp/Gulwani10,
  author    = {Sumit Gulwani},
  title     = {Dimensions in program synthesis},
  booktitle = {{PPDP}},
  pages     = {13--24},
  publisher = {{ACM}},
  year      = {2010}
}

@inproceedings{DBLP:conf/pldi/GulwaniJTV11,
  author    = {Sumit Gulwani and
               Susmit Jha and
               Ashish Tiwari and
               Ramarathnam Venkatesan},
  title     = {Synthesis of loop-free programs},
  booktitle = {{PLDI}},
  pages     = {62--73},
  publisher = {{ACM}},
  year      = {2011}
}

@inproceedings{DBLP:conf/popl/Gulwani11,
  author    = {Sumit Gulwani},
  title     = {Automating string processing in spreadsheets using input-output examples},
  booktitle = {{POPL}},
  pages     = {317--330},
  publisher = {{ACM}},
  year      = {2011}
}

@inproceedings{DBLP:conf/pldi/GodefroidT12,
  author    = {Patrice Godefroid and
               Ankur Taly},
  title     = {Automated synthesis of symbolic instruction encodings from {I/O} samples},
  booktitle = {{PLDI}},
  pages     = {441--452},
  publisher = {{ACM}},
  year      = {2012}
}

@inproceedings{DBLP:conf/icml/MenonTGLK13,
  author    = {Aditya Krishna Menon and
               Omer Tamuz and
               Sumit Gulwani and
               Butler W. Lampson and
               Adam Kalai},
  title     = {A Machine Learning Framework for Programming by Example},
  booktitle = {{ICML} {(1)}},
  series    = {{JMLR} Workshop and Conference Proceedings},
  volume    = {28},
  pages     = {187--195},
  publisher = {JMLR.org},
  year      = {2013}
}

@inproceedings{DBLP:conf/naacl/KushmanB13,
  author    = {Nate Kushman and
               Regina Barzilay},
  title     = {Using Semantic Unification to Generate Regular Expressions from Natural
               Language},
  booktitle = {{HLT-NAACL}},
  pages     = {826--836},
  publisher = {The Association for Computational Linguistics},
  year      = {2013}
}

@inproceedings{DBLP:conf/cav/AlbarghouthiGK13,
  author    = {Aws Albarghouthi and
               Sumit Gulwani and
               Zachary Kincaid},
  title     = {Recursive Program Synthesis},
  booktitle = {{CAV}},
  series    = {Lecture Notes in Computer Science},
  volume    = {8044},
  pages     = {934--950},
  publisher = {Springer},
  year      = {2013}
}

@inproceedings{DBLP:conf/fmcad/AlurBJMRSSSTU13,
  author    = {Rajeev Alur and
               Rastislav Bod{\'{\i}}k and
               Garvit Juniwal and
               Milo M. K. Martin and
               Mukund Raghothaman and
               Sanjit A. Seshia and
               Rishabh Singh and
               Armando Solar{-}Lezama and
               Emina Torlak and
               Abhishek Udupa},
  title     = {Syntax-guided synthesis},
  booktitle = {{FMCAD}},
  pages     = {1--8},
  publisher = {{IEEE}},
  year      = {2013}
}

@inproceedings{DBLP:conf/oopsla/PolozovG15,
  author    = {Oleksandr Polozov and
               Sumit Gulwani},
  title     = {FlashMeta: a framework for inductive program synthesis},
  booktitle = {{OOPSLA}},
  pages     = {107--126},
  publisher = {{ACM}},
  year      = {2015}
}

@inproceedings{DBLP:conf/uist/MayerSGLMPSZG15,
  author    = {Mika{\"{e}}l Mayer and
               Gustavo Soares and
               Maxim Grechkin and
               Vu Le and
               Mark Marron and
               Oleksandr Polozov and
               Rishabh Singh and
               Benjamin G. Zorn and
               Sumit Gulwani},
  title     = {User Interaction Models for Disambiguation in Programming by Example},
  booktitle = {{UIST}},
  pages     = {291--301},
  publisher = {{ACM}},
  year      = {2015}
}

@inproceedings{Fidex16,
  author    = {Xinyu Wang and
               Sumit Gulwani and
               Rishabh Singh},
  title     = {{FIDEX:} filtering spreadsheet data using examples},
  booktitle = {{OOPSLA}},
  pages     = {195--213},
  publisher = {{ACM}},
  year      = {2016}
}

@inproceedings{DBLP:conf/icse/DesaiGHJKMRR16,
  author    = {Aditya Desai and
               Sumit Gulwani and
               Vineet Hingorani and
               Nidhi Jain and
               Amey Karkare and
               Mark Marron and
               Sailesh R and
               Subhajit Roy},
  title     = {Program synthesis using natural language},
  booktitle = {{ICSE}},
  pages     = {345--356},
  publisher = {{ACM}},
  year      = {2016}
}

@inproceedings{DBLP:conf/emnlp/LocascioNDKB16,
  author    = {Nicholas Locascio and
               Karthik Narasimhan and
               Eduardo DeLeon and
               Nate Kushman and
               Regina Barzilay},
  title     = {Neural Generation of Regular Expressions from Natural Language with
               Minimal Domain Knowledge},
  booktitle = {{EMNLP}},
  pages     = {1918--1923},
  publisher = {The Association for Computational Linguistics},
  year      = {2016}
}

@inproceedings{DBLP:conf/popl/FrankleOWZ16,
  author    = {Jonathan Frankle and
               Peter{-}Michael Osera and
               David Walker and
               Steve Zdancewic},
  title     = {Example-directed synthesis: a type-theoretic interpretation},
  booktitle = {{POPL}},
  pages     = {802--815},
  publisher = {{ACM}},
  year      = {2016}
}


@inproceedings{AlphaRegex16,
  author    = {Mina Lee and
               Sunbeom So and
               Hakjoo Oh},
  title     = {Synthesizing regular expressions from examples for introductory automata
               assignments},
  booktitle = {{GPCE}},
  pages     = {70--80},
  publisher = {{ACM}},
  year      = {2016}
}

@inproceedings{z3str317,
  author    = {Murphy Berzish and
               Vijay Ganesh and
               Yunhui Zheng},
  title     = {Z3str3: {A} string solver with theory-aware heuristics},
  booktitle = {{FMCAD}},
  pages     = {55--59},
  publisher = {{IEEE}},
  year      = {2017}
}

@inproceedings{DBLP:conf/iclr/ParisottoMS0ZK17,
  author    = {Emilio Parisotto and
               Abdel{-}rahman Mohamed and
               Rishabh Singh and
               Lihong Li and
               Dengyong Zhou and
               Pushmeet Kohli},
  title     = {Neuro-Symbolic Program Synthesis},
  booktitle = {{ICLR} (Poster)},
  publisher = {OpenReview.net},
  year      = {2017}
}

@inproceedings{DBLP:conf/iclr/BalogGBNT17,
  author    = {Matej Balog and
               Alexander L. Gaunt and
               Marc Brockschmidt and
               Sebastian Nowozin and
               Daniel Tarlow},
  title     = {DeepCoder: Learning to Write Programs},
  booktitle = {{ICLR} (Poster)},
  publisher = {OpenReview.net},
  year      = {2017}
}

@inproceedings{DBLP:conf/pldi/WangCB17,
  author    = {Chenglong Wang and
               Alvin Cheung and
               Rastislav Bod{\'{\i}}k},
  title     = {Synthesizing highly expressive {SQL} queries from input-output examples},
  booktitle = {{PLDI}},
  pages     = {452--466},
  publisher = {{ACM}},
  year      = {2017}
}

@inproceedings{DBLP:conf/sigmod/WangCB17,
  author    = {Chenglong Wang and
               Alvin Cheung and
               Rastislav Bod{\'{\i}}k},
  title     = {Interactive Query Synthesis from Input-Output Examples},
  booktitle = {{SIGMOD} Conference},
  pages     = {1631--1634},
  publisher = {{ACM}},
  year      = {2017}
}

@inproceedings{DBLP:conf/pldi/FengMGDC17,
  author    = {Yu Feng and
               Ruben Martins and
               Jacob Van Geffen and
               Isil Dillig and
               Swarat Chaudhuri},
  title     = {Component-based synthesis of table consolidation and transformation
               tasks from examples},
  booktitle = {{PLDI}},
  pages     = {422--436},
  publisher = {{ACM}},
  year      = {2017}
}

@inproceedings{DBLP:conf/pldi/FengMBD18,
  author    = {Yu Feng and
               Ruben Martins and
               Osbert Bastani and
               Isil Dillig},
  title     = {Program synthesis using conflict-driven learning},
  booktitle = {{PLDI}},
  pages     = {420--435},
  publisher = {{ACM}},
  year      = {2018}
}

@inproceedings{DBLP:conf/ijcai/KolbTPR18,
  author    = {Samuel Kolb and
               Stefano Teso and
               Andrea Passerini and
               Luc De Raedt},
  title     = {Learning {SMT(LRA)} Constraints using {SMT} Solvers},
  booktitle = {{IJCAI}},
  pages     = {2333--2340},
  publisher = {ijcai.org},
  year      = {2018}
}

@inproceedings{DBLP:conf/cav/ReynoldsBNBT19,
  author    = {Andrew Reynolds and
               Haniel Barbosa and
               Andres N{\"{o}}tzli and
               Clark W. Barrett and
               Cesare Tinelli},
  title     = {cvc4sy: Smart and Fast Term Enumeration for Syntax-Guided Synthesis},
  booktitle = {{CAV} {(2)}},
  series    = {Lecture Notes in Computer Science},
  volume    = {11562},
  pages     = {74--83},
  publisher = {Springer},
  year      = {2019}
}

@inproceedings{DBLP:conf/sigsoft/ChenMF19,
  author    = {Yanju Chen and
               Ruben Martins and
               Yu Feng},
  title     = {Maximal multi-layer specification synthesis},
  booktitle = {{ESEC/SIGSOFT} {FSE}},
  pages     = {602--612},
  publisher = {{ACM}},
  year      = {2019}
}

@inproceedings{Orvalho19,
  author    = {Pedro Orvalho and
               Miguel Terra{-}Neves and
               Miguel Ventura and
               Ruben Martins and
               Vasco M. Manquinho},
  title     = {Encodings for Enumeration-Based Program Synthesis},
  booktitle = {{CP}},
  series    = {Lecture Notes in Computer Science},
  volume    = {11802},
  pages     = {583--599},
  publisher = {Springer},
  year      = {2019}
}

@inproceedings{Regel20,
  author    = {Qiaochu Chen and
               Xinyu Wang and
               Xi Ye and
               Greg Durrett and
               Isil Dillig},
  title     = {Multi-modal synthesis of regular expressions},
  booktitle = {{PLDI}},
  pages     = {487--502},
  publisher = {{ACM}},
  year      = {2020}
}

@inproceedings{UnchartIt,
  author    = { Daniel Ramos and Jorge Pereira and Inês Lynce and Vasco Manquinho and Ruben Martins},
  title     = {UnchartIt: An Interactive Framework for Program Recovery from Charts},
  booktitle = {{ASE}},
  pages     = {},
  publisher = {{IEEE}},
  year      = {2020}
}

@phdthesis{Solar-LezamaPhDThesis,
 author = {Solar-Lezama, Armando},
 advisor = {Bodik, Rastislav},
 title = {Program Synthesis by Sketching},
 year = {2008},
 school = {University of California at Berkeley},
 isbn = {978-1-109-09745-0},
 note = {AAI3353225},
 publisher = {University of California at Berkeley},
 address = {Berkeley, CA, USA}
}

@mastersthesis{PedroThesis,
    author       = {Pedro Orvalho},
    title        = {SQUARES: A SQL Synthesizer Using Query Reverse Engineering},
    school       = {Instituto Superior Técnico, Universidade de Lisboa},
    year         = 2019,
    month        = 11,
}

@mastersthesis{MiguelThesis,
    author       = {Miguel Terra{-}Neves},
    title        = {Distributed Solver for Maximum Satisfiability},
    school       = {Instituto Superior Técnico, Universidade de Lisboa},
    year         = 2014,
    month        = 10,
}

@book{Jurafsky,
 author = {Jurafsky, Daniel and Martin, James H.},
 title = {Speech and Language Processing (2Nd Edition)},
 year = {2009},
 isbn = {0131873210},
 publisher = {Prentice-Hall, Inc.},
 address = {Upper Saddle River, NJ, USA},
}

@book{DragonBook,
 author = {Aho, Alfred V. and Lam, Monica S. and Sethi, Ravi and Ullman, Jeffrey D.},
 title = {Compilers: Principles, Techniques, and Tools (2nd Edition)},
 year = {2006},
 isbn = {0321486811},
 publisher = {Addison-Wesley Longman Publishing Co., Inc.},
 address = {Boston, MA, USA},
}

@proceedings{HandbookSAT,
  editor    = {Armin Biere and
               Marijn Heule and
               Hans van Maaren and
               Toby Walsh},
  title     = {Handbook of Satisfiability},
  series    = {Frontiers in Artificial Intelligence and Applications},
  volume    = {185},
  publisher = {{IOS} Press},
  year      = {2009}
}

@book{HandbookFormalLanguages1,
  editor    = {Grzegorz Rozenberg and
               Arto Salomaa},
  title     = {Handbook of Formal Languages, Volume 1: Word, Language, Grammar},
  publisher = {Springer},
  year      = {1997}
}

@techreport{gulwani09componentbased,
  author      = {Gulwani, Sumit and Venkatesan, Ramarathnam},
  title       = {Component Based Synthesis Applied to Bitvector Circuits},
  year        = {2009},
  month       = {April},
  publisher   = {Microsoft Research},
  institution = {Microsoft Research},
  url         = {https://www.microsoft.com/en-us/research/publication/component-based-synthesis-applied-to-bitvector-circuits/},
  number      = {MSR-TR-2010-12},
}

@misc{regexlib,
  title = {},
  author={{Regular Expression Library}},
  howpublished = {\url{www.regexlib.com}},
  note = {Accessed on \formatdate{27}{5}{2020}},
  year = {2001}
}

@misc{squares-webpage,
  author = {Pedro Orvalho and
               Miguel Terra{-}Neves and
               Miguel Ventura and
               Ruben Martins and
               Vasco M. Manquinho},
  title = {SQUARES},
  howpublished = {\url{https://squares-sql.github.io}},
  note = {Accessed on \formatdate{27}{5}{2020}},
  year = {2019}
}
